@inproceedings{crs,
  author    = {I. Damg{\aa}rd},
  editor    = {B. Preneel},
  title     = {{Efficient Concurrent Zero-Knowledge in the Auxiliary String Model}},
  booktitle = {Advances in Cryptology - {EUROCRYPT} 2000, International Conference
               on the Theory and Application of Cryptographic Techniques, Bruges,
               Belgium, May 14-18, 2000, Proceeding},
  series    = {Lecture Notes in Computer Science},
  volume    = {1807},
  pages     = {418--430},
  year      = {2000},
}

@inproceedings{ooot,
  author    = {B.A. Huberman and
               M.K. Franklin and
               T. Hogg},
  editor    = {Stuart I. Feldman and
               Michael P. Wellman},
  title     = {{Enhancing privacy and trust in electronic communities}},
  booktitle = {Proceedings of the First {ACM} Conference on Electronic Commerce (EC-99),
               Denver, CO, USA, November 3-5, 1999},
  pages     = {78--86},
  publisher = {{ACM}},
  year      = {1999},
}